<record><leader>00000cas a2200000 a 4500</leader><controlfield tag="001">7804281</controlfield><controlfield tag="008">810930d19811988ilusr ne      0   a0eng c</controlfield><datafield ind1=" " ind2=" " tag="010"><subfield code="a">sn 84007145 </subfield></datafield><datafield ind1=" " ind2=" " tag="040"><subfield code="a">UIU</subfield><subfield code="b">eng</subfield><subfield code="c">UIU</subfield><subfield code="d">NSD</subfield><subfield code="d">NVF</subfield><subfield code="d">OCL</subfield><subfield code="d">NVF</subfield><subfield code="d">OCLCQ</subfield><subfield code="d">NVF</subfield><subfield code="d">OCLCQ</subfield><subfield code="d">NVF</subfield><subfield code="d">OCLCQ</subfield><subfield code="d">OCLCF</subfield><subfield code="d">NVF</subfield><subfield code="d">OCLCO</subfield><subfield code="d">OCLCA</subfield></datafield><datafield ind1="1" ind2=" " tag="022"><subfield code="a">8750-2313</subfield><subfield code="l">8750-2313</subfield><subfield code="2">1</subfield></datafield><datafield ind1="1" ind2=" " tag="029"><subfield code="a">AU@</subfield><subfield code="b">000020337888</subfield></datafield><datafield ind1=" " ind2=" " tag="032"><subfield code="a">300560</subfield><subfield code="b">USPS</subfield></datafield><datafield ind1=" " ind2=" " tag="037"><subfield code="b">The Labor Paper, 400 N.E. Jefferson, Peoria IL 61603</subfield></datafield><datafield ind1=" " ind2=" " tag="042"><subfield code="a">nsdp</subfield><subfield code="a">pcc</subfield></datafield><datafield ind1=" " ind2=" " tag="043"><subfield code="a">n-us-il</subfield></datafield><datafield ind1=" " ind2=" " tag="092"><subfield code="a">331.805</subfield><subfield code="b">LAT1a</subfield></datafield><datafield ind1="0" ind2=" " tag="130"><subfield code="a">Labor paper (Peoria, Ill.)</subfield></datafield><datafield ind1=" " ind2="4" tag="222"><subfield code="a">The Labor paper</subfield></datafield><datafield ind1="1" ind2="0" tag="245"><subfield code="a">Labor paper.</subfield></datafield><datafield ind1=" " ind2=" " tag="260"><subfield code="a">Peoria, Ill. :</subfield><subfield code="b">West Central Illinois Building and Construction Trades Council,</subfield><subfield code="c">1981-1988.</subfield></datafield><datafield ind1=" " ind2=" " tag="300"><subfield code="a">v.</subfield></datafield><datafield ind1=" " ind2=" " tag="310"><subfield code="a">Semimonthly,</subfield><subfield code="b">Sept. 6, 1984-Feb. 4, 1988</subfield></datafield><datafield ind1=" " ind2=" " tag="321"><subfield code="a">Weekly,</subfield><subfield code="b">Aug. 6, 1981-Aug. 30, 1984</subfield></datafield><datafield ind1="0" ind2=" " tag="362"><subfield code="a">Vol. 48, no. 18 (Aug. 6, 1981)-v. 54, no. 25 (Feb. 4, 1988).</subfield></datafield><datafield ind1=" " ind2=" " tag="515"><subfield code="a">Issue for v. 52, no. 13 (Sept. 19, 1985) erroneously designated as v. 52, no. 14 (Oct. 3, 1985).</subfield></datafield><datafield ind1=" " ind2=" " tag="550"><subfield code="a">"Official voice of the Peoria-Tazewell Illinois Labor Council, AFL-CIO."</subfield></datafield><datafield ind1=" " ind2="0" tag="650"><subfield code="a">Labor movement</subfield><subfield code="z">Illinois</subfield><subfield code="z">Peoria</subfield><subfield code="v">Newspapers.</subfield></datafield><datafield ind1=" " ind2="0" tag="650"><subfield code="a">Labor unions</subfield><subfield code="z">Illinois</subfield><subfield code="z">Peoria</subfield><subfield code="v">Newspapers.</subfield></datafield><datafield ind1=" " ind2="0" tag="651"><subfield code="a">Peoria (Ill.)</subfield><subfield code="v">Newspapers.</subfield></datafield><datafield ind1=" " ind2="7" tag="650"><subfield code="a">Labor movement.</subfield><subfield code="2">fast</subfield><subfield code="0">(OCoLC)fst00990079</subfield></datafield><datafield ind1=" " ind2="7" tag="650"><subfield code="a">Labor unions.</subfield><subfield code="2">fast</subfield><subfield code="0">(OCoLC)fst00990260</subfield></datafield><datafield ind1=" " ind2="7" tag="651"><subfield code="a">Illinois</subfield><subfield code="z">Peoria.</subfield><subfield code="2">fast</subfield><subfield code="0">(OCoLC)fst01206107</subfield></datafield><datafield ind1=" " ind2="7" tag="655"><subfield code="a">Newspapers.</subfield><subfield code="2">fast</subfield><subfield code="0">(OCoLC)fst01423814</subfield></datafield><datafield ind1="2" ind2=" " tag="710"><subfield code="a">AFL-CIO.</subfield><subfield code="b">Peoria-Tazewell Illinois Labor Council.</subfield><subfield code="k">Newspapers.</subfield></datafield><datafield ind1="2" ind2=" " tag="710"><subfield code="a">West Central Illinois Building and Construction Trades Council.</subfield><subfield code="k">Newspapers.</subfield></datafield><datafield ind1=" " ind2=" " tag="752"><subfield code="a">United States</subfield><subfield code="b">Illinois</subfield><subfield code="c">Peoria</subfield><subfield code="d">Peoria.</subfield></datafield><datafield ind1="0" ind2="0" tag="780"><subfield code="t">Peoria labor news (Peoria, Ill. : 1976)</subfield><subfield code="w">(DLC)sn 92054497</subfield><subfield code="w">(OCoLC)7780153</subfield></datafield><datafield ind1="0" ind2="0" tag="785"><subfield code="t">Labor (Peoria, Ill.)</subfield><subfield code="w">(DLC)sn 92054498</subfield><subfield code="w">(OCoLC)18175698</subfield></datafield></record>